@inproceedings{Georganas:2018:AHD:3291656.3291744,
 author = {Georganas, Evangelos and Avancha, Sasikanth and Banerjee, Kunal and Kalamkar, Dhiraj and Henry, Greg and Pabst, Hans and Heinecke, Alexander},
 title = {Anatomy of High-performance Deep Learning Convolutions on SIMD Architectures},
 booktitle = {Proceedings of the International Conference for High Performance Computing, Networking, Storage, and Analysis},
 series = {SC '18},
 year = {2018},
 location = {Dallas, Texas},
 pages = {66:1--66:12},
 articleno = {66},
 numpages = {12},
 url = {http://dl.acm.org/citation.cfm?id=3291656.3291744},
 acmid = {3291744},
 publisher = {IEEE Press},
 address = {Piscataway, NJ, USA},
} 


@inproceedings{Chilimbi:2014:PAB:2685048.2685094,
 author = {Chilimbi, Trishul and Suzue, Yutaka and Apacible, Johnson and Kalyanaraman, Karthik},
 title = {Project Adam: Building an Efficient and Scalable Deep Learning Training System},
 booktitle = {Proceedings of the 11th USENIX Conference on Operating Systems Design and Implementation},
 series = {OSDI'14},
 year = {2014},
 isbn = {978-1-931971-16-4},
 location = {Broomfield, CO},
 pages = {571--582},
 numpages = {12},
 url = {http://dl.acm.org/citation.cfm?id=2685048.2685094},
 acmid = {2685094},
 publisher = {USENIX Association},
 address = {Berkeley, CA, USA},
} 

@misc{intelMKL,
  title = {{Intel Math Kernel Library For Deep Neural Networks (Intel MKL-DNN)}},
  author={Intel},
  howpublished = {\url{https://github.com/intel/mkl-dnn}}
}


@article{Gandhi:2014:BTI:2669594.2669599,
 author = {Gandhi, Jayneel and Basu, Arkaprava and Hill, Mark D. and Swift, Michael M.},
 title = {BadgerTrap: A Tool to Instrument x86-64 TLB Misses},
 journal = {SIGARCH Comput. Archit. News},
 issue_date = {May 2014},
 volume = {42},
 number = {2},
 month = sep,
 year = {2014},
 issn = {0163-5964},
 pages = {20--23},
 numpages = {4},
 url = {http://doi.acm.org/10.1145/2669594.2669599},
 doi = {10.1145/2669594.2669599},
 acmid = {2669599},
 publisher = {ACM},
 address = {New York, NY, USA},
} 

@inproceedings{Agarwal:2017:TAP:3037697.3037706,
 author = {Agarwal, Neha and Wenisch, Thomas F.},
 title = {Thermostat: Application-transparent Page Management for Two-tiered Main Memory},
 booktitle = {Proceedings of the Twenty-Second International Conference on Architectural Support for Programming Languages and Operating Systems},
 series = {ASPLOS '17},
 year = {2017},
 isbn = {978-1-4503-4465-4},
 location = {Xi'an, China},
 pages = {631--644},
 numpages = {14},
 url = {http://doi.acm.org/10.1145/3037697.3037706},
 doi = {10.1145/3037697.3037706},
 acmid = {3037706},
 publisher = {ACM},
 address = {New York, NY, USA},
 keywords = {cloud computing, operating systems},
} 

@inproceedings{Yan:2019:NPM:3297858.3304024,
 author = {Yan, Zi and Lustig, Daniel and Nellans, David and Bhattacharjee, Abhishek},
 title = {Nimble Page Management for Tiered Memory Systems},
 booktitle = {Proceedings of the Twenty-Fourth International Conference on Architectural Support for Programming Languages and Operating Systems},
 series = {ASPLOS '19},
 year = {2019},
 isbn = {978-1-4503-6240-5},
 location = {Providence, RI, USA},
 pages = {331--345},
 numpages = {15},
 url = {http://doi.acm.org/10.1145/3297858.3304024},
 doi = {10.1145/3297858.3304024},
 acmid = {3304024},
 publisher = {ACM},
 address = {New York, NY, USA},
 keywords = {heterogeneous memory management, operating system, page migration},
} 

@misc{tf_models,
  title = {{TensorFlow models}},
  howpublished = {\url{https://github.com/tensorflow/models}},
  year = {}
}

@misc{dcgan,
  title = {{A TensorFlow Implementation of Deep Convolutional Generative Adversarial Networks}},
  howpublished = {\url{https://github.com/carpedm20/DCGAN-tensorflow}}
}

@misc{resnet_32,
  title = {{ResNet in TensorFlow}},
  howpublished = {\url{https://github.com/wenxinxu/resnet-in-tensorflow}}
}

@misc{bert_github,
  title = {{TensorFlow code and pre-trained models for BERT}},
  howpublished = {\url{https://github.com/google-research/bert}}
}


@INPROCEEDINGS{5260554,
author={W. {Zhang} and T. {Li}},
booktitle={International Conference on Parallel Architectures and Compilation Techniques (PACT)},
title={{Exploring Phase Change Memory and 3D Die-Stacking for Power/Thermal Friendly, Fast and Durable Memory Architectures}},
year={2009}
}

@misc{madt,
author ={Marco Cesati, Mancuso Renato, Betti Emiliano, Caccamo Marco},
  title = {{MadT: A Memory Access Detection Tool for Symbolic Memory Profiling}},
  howpublished = {\url{hhttp://hdl.handle.net/2142/78093}}
}

@misc{autonuma,
  author ={Jonathan Corbet},
  title = {{AutoNUMA: the Other Approach to NUMA
scheduling}},
  howpublished = {\url{http://lwn.net/Articles/488709/}}
}

@article{devlin2018bert,
  title={BERT: Pre-training of Deep Bidirectional Transformers for Language Understanding},
  author={Devlin, Jacob and Chang, Ming-Wei and Lee, Kenton and Toutanova, Kristina},
  journal={arXiv preprint arXiv:1810.04805},
  year={2018}
}

@inproceedings{wang-etal-2018-glue,
    title = "{GLUE}: A Multi-Task Benchmark and Analysis Platform for Natural Language Understanding",
    author = "Wang, Alex  and
      Singh, Amanpreet  and
      Michael, Julian  and
      Hill, Felix  and
      Levy, Omer  and
      Bowman, Samuel",
    booktitle = "Proceedings of the 2018 {EMNLP} Workshop {B}lackbox{NLP}: Analyzing and Interpreting Neural Networks for {NLP}",
    month = nov,
    year = "2018",
}

@inproceedings{pldi19:panthera,
 author = {Wang, Chenxi and Cui, Huimin and Cao, Ting and Zigman, John and Volos, Haris and Mutlu, Onur and Lv, Fang and Feng, Xiaobing and Xu, Guoqing Harry},
 title = {Panthera: Holistic Memory Management for Big Data Processing over Hybrid Memories},
 booktitle = {Proceedings of the 40th ACM SIGPLAN Conference on Programming Language Design and Implementation},
 series = {PLDI 2019},
 year = {2019},
} 


@inproceedings{pldi18:KG,
 author = {Akram, Shoaib and Sartor, Jennifer B. and McKinley, Kathryn S. and Eeckhout, Lieven},
 title = {Write-rationing Garbage Collection for Hybrid Memories},
 booktitle = {Proceedings of the 39th ACM SIGPLAN Conference on Programming Language Design and Implementation},
 series = {PLDI 2018},
 year = {2018},
} 

@inproceedings{ASPLOS18:Espresso,
 author = {Wu, Mingyu and Zhao, Ziming and Li, Haoyu and Li, Heting and Chen, Haibo and Zang, Binyu and Guan, Haibing},
 title = {Espresso: Brewing Java For More Non-Volatility with Non-volatile Memory},
 booktitle = {Proceedings of the Twenty-Third International Conference on Architectural Support for Programming Languages and Operating Systems},
 series = {ASPLOS '18},
 year = {2018},
} 

@inproceedings{sigmetrics19:crystalgazer,
 author = {Akram, Shoaib and Sartor, Jennifer B. and McKinley, Kathryn S. and Eeckhout, Lieven},
 title = {Crystal Gazer: Profile-Driven Write-Rationing Garbage Collection for Hybrid Memories},
 booktitle = {Abstracts of the 2019 SIGMETRICS/Performance Joint International Conference on Measurement and Modeling of Computer Systems},
 series = {SIGMETRICS '19},
 year = {2019},
} 

@inproceedings{Rhu:2016:VVD:3195638.3195660,
 author = {Rhu, Minsoo and Gimelshein, Natalia and Clemons, Jason and Zulfiqar, Arslan and Keckler, Stephen W.},
 title = {vDNN: Virtualized Deep Neural Networks for Scalable, Memory-efficient Neural Network Design},
 booktitle = {The 49th Annual IEEE/ACM International Symposium on Microarchitecture},
 series = {MICRO-49},
 year = {2016},
} 

@book{oliphant2006guide, 
  title={A guide to NumPy}, 
  author={Oliphant, Travis E}, 
  volume={1}, 
  year={2006}, 
  publisher={Trelgol Publishing USA} 
}
